@book{Thaler23,
  author       = {Justin Thaler},
  title        = {Proofs, Arguments, and Zero-Knowledge},
  year         = {2023},
  url          = {https://people.cs.georgetown.edu/jthaler/ProofsArgsAndZK.pdf},
}